<?xml version="1.0" encoding="UTF-8"?><record xmlns="http://www.loc.gov/MARC21/slim" xmlns:cinclude="http://apache.org/cocoon/include/1.0" xmlns:zs="http://www.loc.gov/zing/srw/">
  <leader>00492nz  a2200145n  4500</leader>
  <controlfield tag="001">no 99008558 </controlfield>
  <controlfield tag="003">DLC</controlfield>
  <controlfield tag="005">19990210071327.6</controlfield>
  <controlfield tag="008">990209n| acannaab|          |a ana     c</controlfield>
  <datafield tag="010" ind1=" " ind2=" ">
    <subfield code="a">no 99008558 </subfield>
  </datafield>
  <datafield tag="035" ind1=" " ind2=" ">
    <subfield code="a">(OCoLC)oca04916426 </subfield>
  </datafield>
  <datafield tag="040" ind1=" " ind2=" ">
    <subfield code="a">NNC</subfield>
    <subfield code="c">NNC</subfield>
  </datafield>
  <datafield tag="110" ind1="2" ind2=" ">
    <subfield code="a">Sverdlovskiĭ oblastnoĭ dom folʹklora</subfield>
  </datafield>
  <datafield tag="410" ind1="1" ind2=" ">
    <subfield code="a">Sverdlovskai︠a︡ oblastʹ (Russia).</subfield>
    <subfield code="b">Sverdlovskiĭ oblastnoĭ dom folʹklora</subfield>
  </datafield>
  <datafield tag="670" ind1=" " ind2=" ">
    <subfield code="a">Russkie skazki Urala, 1997:</subfield>
    <subfield code="b">t.p. (... Sverdlovskogo oblastnogo doma folʹklora)</subfield>
  </datafield>
</record>